% shg.bib: SHG bibliography file

@string (WNT = "Wydaw\-nic\-twa Na\-ukowo-Tech\-nicz\-ne")
@string (PWN = "Pań\-stwowe Wydaw\-nic\-two Na\-ukowe")
@string (PWE = "Pań\-stwowe Wydaw\-nic\-two Ekonomicz\-ne")
@string (PWE2 = "Pol\-skie Wydaw\-nic\-two Ekonomicz\-ne")
@string (WNPWN = "Wydaw\-nic\-two Na\-ukowe PWN")
@string (EXIT = "Akademic\-ka Oficyna Wydaw\-nicza EXIT")
@string (OSSOLINEUM = "Zakład Narodowy im. Ossolińskich --
  Wydawnictwo")
@string (WSiP = "Wydawnictwa Szkolne i Pedagogiczne")
@string (IPIPAN = "Instytut Podstaw Informatyki Polskiej Akademii Nauk")
@string (CL = "Computational Linguistics")
@string (CACM = "Communications of the ACM")
@string (JRSSB = "Journal of the Royal Statistical Society. Series B")
@string (JRSSC = "Journal of the Royal Statistical Society. Series C
  (Applied Statistics)")
@string (JoE = "Journal of Econometrics")
@string (AS = "The American Statistician")
@string (AMS = "The Annals of Mathematical Statistics")
@string (W-wa = "War\-szawa")

@book(amigo-2010,
  author =       "Jos{\'{e}} Mar{\'{i}}a Amigó",
  title =        "Permutation Complexity in Dynamical Systems. Ordinal
                  Patterns, Permutation Entropy and All That",
  publisher =    "Springer-Verlag",
  address =      "Berlin Heidelberg",
  year =         2010,
)

@manual(ansi-cpp-2012,
  title =        "American National Standard. Information technology
                  --- Programming languages --- C++",
  organization = "American National Standards Institute",
  address =      "25 West 43rd Street, New York, New York 10036",
  year =         2012,
  note =         "INCITS/ISO/IEC 14882-2011[2012]",
)

@article(arnold-emerson-2011,
  author =       "Taylor~B.~Arnold and John~W.~Emerson",
  title =        "Nonparametric Goodness-of-Fit Tests for Discrete
                  Null Distributions",
  journal =      "The {R} Journal",
  volume =       3,
  number =       2,
  pages =        "34--39",
  year =         2011,
  note =         "\url{http://journal.r-project.org/}",
)

@article(bandt-pompe-2002,
  author =       "Christoph Bandt and Bernd Pompe",
  title =        "Permutation Entropy: A Natural Complexity Measure
                  for Time Series",
  journal =      "Physical Review Letters",
  volume =       88,
  number =       17,
  pages =        "174102-1--174102-4",
  year =         2002,
)

@book(bartoszewicz-1989,
  author =       "Jarosław Bartoszewicz",
  title =        "Wykłady ze statystyki matematycznej",
  publisher =    PWN,
  address =      W-wa,
  year =         1989,
)

@article(bernardo-1976,
  author =       "Jos{\'{e}}~M.~Bernardo",
  title =        "Algorithm {AS} 103. {P}si (digamma) function",
  journal =      JRSSC,
  volume =       25,
  number =       3,
  pages =        "315--317",
  year =         1976,
)

@book(box-jenkins-1970,
  author =       "George~E.~P.~Box and Gwilym~M.~Jenkins",
  title =        "Time series analysis. Forecasting and control",
  publisher =    "Holden-Day",
  address =      "San Francisco",
  year =         1970,
)

@article(brock-dechert-scheinkman-lebaron-1996,
  author =       "W.~A.~Brock and W.~D.~Dechert and J.~A.~Scheinkman
                  and B.~LeBaron",
  title =        "A test for independence based on the correlation
                  dimension",
  journal =      "Econometric Reviews",
  volume =       15,
  number =       3,
  pages =        "197--235",
  year =         1996,
)

@book(brock-hsieh-lebaron-1991,
  author =       "William A.~Brock and David A.~Hsieh and Blake
                  LeBaron",
  title =        "Nonlinear Dynamics, Chaos, and Instability.
                  Statistical Theory and Economic Evidence",
  publisher =    "The MIT Press",
  year =         1991,
)

@book(bronsztejn-siemiendiajew-musiol-muhlig-2004,
  author =       "I.~N.~Bronsztejn and K.~A.~Siemiendiajew and
                  G.~Musiol and H.~M{\"{u}}hlig",
  title =        "Nowoczesne kompendium matematyki",
  publisher =    WNPWN,
  address =      W-wa,
  year =         2004,
)

@book(cormen-etal-2009,
  author =       "Thomas H.~Cormen and Charles E.~Leiserson and Ronald
                  L.~Rivest and Clifford Stein",
  title =        "Introduction to Algorithms",
  publisher =    "The MIT Press",
  address =      "Cambridge, Massachusetts",
  edition =      "Third",
  year =         2009,
)

@article(dershowitz-reingold-1990,
  author =       "Nachum Dershowitz and Edward M.~Reingold",
  title =        "Calendrical calculations",
  journal =      "Software --- Practice and experience",
  volume =       20,
  number =       9,
  pages =        "899--928",
  year =         1990,
)

@book(devroye-1986,
  author =       "Luc Devroye",
  title =        "Non-Uniform Random Variate Generation",
  publisher =    "Springer-Verlag",
  address =      "New York",
  year =         1986,
  comment =      "http://luc.devroye.org/rnbookindex.html, 04.12.1011",
)

@book(fisz-1969,
  author =       "Marek Fisz",
  title =        "Rachunek prawdopodobieństwa i statystyka
                  matematyczna",
  publisher =    PWN,
  address =      W-wa,
  year =         1969,
)

@article(freedman-diaconis-1981,
  author =       "David Freedman and Persi Diaconis",
  title =        "On the histogram as a density estimator: {$L_2$}
                  theory",
  journal =      "Zeitschrift f{\"{u}}r Wahrscheinlichkeitstheorie und
                  verwandte Gebiete",
  volume =       57,
  number =       4,
  pages =        "453--476",
  year =         1981,
)

@book(gass-1980,
  author =       "Saul I.~Gass",
  title =        "Programowanie liniowe. Metody i zastosowania",
  publisher =    PWN,
  address =      W-wa,
  year =         1980,
)

@book(grabowski-1980,
  author =       "Wiesław Grabowski",
  title =        "Programowanie matematyczne",
  publisher =    PWE,
  address =      W-wa,
  year =         1980,
)

@book(griffiths-hill-1986,
  editor =       "P.~Griffiths and I.~D.~Hill",
  title =        "Applied Statistics algorithms",
  publisher =    "Ellis Horwood",
  address =      "Chichester",
  year =         1986,
)

@book(knuth-2002a,
  author =       "Donald E.~Knuth",
  title =        "Sztuka programowania. Tom~1. Algorytmy podstawowe",
  publisher =    WNT,
  address =      W-wa,
  year =         2002,
)

@book(knuth-2002b,
  author =       "Donald E.~Knuth",
  title =        "Sztuka programowania. Tom~2. Algorytmy
                  seminumeryczne",
  publisher =    WNT,
  address =      W-wa,
  year =         2002,
)

@book(knuth-2002c,
  author =       "Donald E.~Knuth",
  title =        "Sztuka programowania. Tom~3. Sortowanie i
                  wyszukiwanie",
  publisher =    WNT,
  address =      W-wa,
  year =         2002,
)

@book(kotz-kozubowski-podgorski-2001,
  author =       "Samuel Kotz and Tomasz Kozubowski and Krzysztof
                  Podgórski",
  title =        "The Laplace Distribution and Generalizations. A
                  Revisit with Applications to Communications,
                  Economics, Engineering, and Finance",
  publisher =    "Birkh{\"{a}}user Boston",
  address =      "Boston--Basel--Berlin",
  year =         2001,
)

@book(krzysko-wolynski-gorecki-skorzybut-2008,
  author =       "Mirosław Krzyśko and Waldemar Wołyński and Tomasz
                  Górecki and Michał Skorzybut",
  title =        "Systemy uczące się. Rozpoznawanie wzorców, analiza
                  skupień i redukcja wymiarowości",
  publisher =    WNT,
  address =      W-wa,
  year =         2008,
)

@misc(lebaron-1991,
  author =       "Blake LeBaron",
  title =        "C Source for {BDS} Test Statistic for Independence",
  year =         1991,
  month =        Nov,
  howpublished = "http://ideas.repec.org/c/cod/ccplus/bds.html",
)

@book(maddala-2006,
  author =       "G.~S.~Maddala",
  title =        "Ekonometria",
  publisher =    WNPWN,
  address =      W-wa,
  year =         2006,
)

@book(marciniak-gregulec-kaczmarek-1991,
  author =       "Andrzej Marciniak and Dorota Gregulec and Jan
                  Kaczmarek",
  title =        "Basic Numerical Procedures in Turbo Pascal for Your
                  PC",
  publisher =    "Wydawnictwo NAKOM",
  address =      "Poznań",
  year =         1991,
)

@article(marsaglia-tsang-wang-2003,
  author =       "George Marsaglia and Wai Wan Tsang and Jingbo Wang",
  title =        "Evaluating {K}olmogorov's Distribution",
  journal =      "Journal of Statistical Software",
  volume =       8,
  number =       18,
  pages =        "1--4",
  year =         2003,
  month =        nov,
  comment =      "http://www.jstatsoft.org/v08/i18",
)

@article(mccullough-1998,
  author =       "B.~D.~McCullough",
  title =        "Assessing The Reliability of Statistical Software:
                  Part {I}",
  journal =      AS,
  volume =       52,
  number =       4,
  pages =        "358--366",
  year =         1998,
  month =        nov,
  comment =      "http://www.pages.drexel.edu/~bdm25/tas1.pdf,
                  29.12.2010",
)

@article(mccullough-1999,
  author =       "B.~D.~McCullough",
  title =        "Assessing The Reliability of Statistical Software:
                  Part {II}",
  journal =      AS,
  volume =       53,
  number =       2,
  pages =        "149--159",
  year =         1999,
  month =        may,
  comment =      "http://www.pages.drexel.edu/~bdm25/tas2.pdf,
                  29.12.2010",
)

@book(mostowski-stark-1975,
  author =       "Andrzej Mostowski and Marceli Stark",
  title =        "Elementy algebry wyższej",
  publisher =    PWN,
  address =      W-wa,
  year =         1975,
)

@book(press-teukolsky-vetterling-flannery-2007,
  author =       "William H.~Press and Saul A.~Teukolsky and William
                  T.~Vetterling and Brian P.~Flannery",
  title =        "Numerical Recipes. The Art of Scientific Computing",
  publisher =    "Cambridge University Press",
  address =      "Cambridge",
  year =         2007,
)

@book(reingold-nievergelt-deo-1985,
  author =       "Edward M.~Reingold and Jurg Nievergelt and Narsingh
                  Deo",
  title =        "Algorytmy kombinatoryczne",
  publisher =    PWN,
  address =      W-wa,
  year =         1985,
)

@article(savin-white-1977,
  author =       "N.~E.~Savin and K.~J.~White",
  title =        "The {D}urbin-{W}atson test for serial correlation
                  with extreme sample sizes or many regressors",
  journal =      "Econometrica",
  volume =       45,
  pages =        "1989--1996",
  year =         1977,
)

@article(shea-1988,
  author =       "B.~L.~Shea",
  title =        "Chi-squared and Incomplete Gamma Integral",
  journal =      JRSSC,
  volume =       37,
  pages =        "466--471",
  year =         1988,
)

@book(syslo-deo-kowalik-1999,
  author =       "Maciej M.~Sysło and Narsingh Deo and Janusz
                  S.~Kowalik",
  title =        "Algorytmy optymalizacji dyskretnej z programami w
                  języku {P}ascal",
  publisher =    WNPWN,
  address =      W-wa,
  year =         1999,
)

@article(wald-wolfowitz-1940,
  author =       "A.~Wald and J.~Wolfowitz",
  title =        "On a test whether two samples are from the same
                  population",
  journal =      AMS,
  volume =       11,
  number =       2,
  pages =        "147--162",
  year =         1940,
)

@article(wichura-1988,
  author =       "Michael~J.~Wichura",
  title =        "The Percentage Points of the Normal Distribution",
  journal =      JRSSC,
  volume =       37,
  pages =        "477--484",
  year =         1988,
)

@book(wieczorkowski-zielinski-1997,
  author =       "Robert Wieczorkowski and Ryszard Zieliński",
  title =        "Komputerowe generatory liczb losowych",
  publisher =    WNT,
  address =      W-wa,
  year =         1997,
)

@article(wolfe-1959,
  author =       "Philip Wolfe",
  title =        "The simplex method for quadratic programming",
  journal =      "Econometrica",
  volume =       27,
  number =       3,
  pages =        "382--398",
  year =         1959,
)

@book(zielinski-zielinski-1990,
  author =       "Ryszard Zieliński and Wojciech Zieliński",
  title =        "Tablice statystyczne",
  publisher =    PWN,
  address =      W-wa,
  year =         1990,
)

@book(zucchini-macdonald-2009,
  author =       "Walter Zucchini and Iain L.~MacDonald",
  title =        "Hidden Markov Models for Time Series. An
                  Introduction Using R",
  publisher =    "Chapman and Hall/CRC",
  address =      "Boca Raton",
  year =         2009,
)
